@misc{barth2009googlemaps,
  author={Barth, D},
  title={The bright side of sitting in traffic: Crowdsourcing road congestion data},
  publisher={Official Google Blog},
  year={2009},
  howpublished={\url{https://googleblog.blogspot.com/2009/08/bright-side-of-sitting-in-traffic.html}},
  note = {Accessed: 2019-04-20}
}

@article{zorbas2013energyefficientmobiletracking,
  author={Zorbas, D and Razafindralambo, T and Di Puglia Pugliese, L and Guerriero, F},
  title={Energy Efficient Mobile Target Tracking Using Flying Drones},
  publisher={Procedia Computer Science},
  journal={The 4th International Conference on Ambient Systems, Networks and Technologies},
  year={2013},
  volume={19},
  pages={80, 87},
  doi={10.1016/j.procs.2013.06.016}
}

@inproceedings{amorim2017forConnectedToCellNetworks,
  title={Pathloss Measurements and Modeling for UAVs Connected to Cellular Networks},
  author={Amorim, R M D and Mogensen, P E and S{\o}rensen, T B and Kov{\'{a}}cs, I and Wigard, J},
  booktitle={IEEE VTS Vehicular Technology Conference},
  series={2017 IEEE 85th Vehicular Technology Conference (VTC Spring) IEEE},
  year={2017},
  publisher={IEEE},
  doi={10.1109/VTCSpring.2017.8108204}
}

@article{mcevoy2016disturbanceEffectsSpeciesRecognition,
  author={McEvoy, J F and Hall, G P and McDonald, P G},
  title={Evaluation of unmanned aerial vehicle shape, flight path and camera type for waterfowl surveys: disturbance effects and species recognition},
  publisher={PeerJ},
  journal={The Journal of Life and Environmental Sciences},
  year={2016},
  doi={10.7717/peerj.1831}
}

@article{anderson2013uavWillRevolutionizeSpatialEcology,
  author={Anderson, K and Gaston, K},
  title={Lightweight unmanned aerial vehicles will revolutionize spatial ecology},
  publisher={The Ecological Society of America},
  journal={Frontiers in Ecology and the Enviornment},
  year={2013},
  volume={11},
  number={3},
  pages={138--146},
  doi={10.1890/120150}
}

@article{kerr2003fromSpaceToSpecies,
  author={Kerr, J T and Ostrovsky, M},
  title={From space to species: ecological applications for remote sensing},
  publisher={Cell Press},
  journal={Trends in Ecology \& Evolution},
  year={2003},
  volume={18},
  number={6},
  pages={299--305},
  doi={10.1016/S0169-5347(03)00071-5}
}

@article{algalblooms,
  author={Clark J M and et al.},
  title={Satellite monitoring of cyanobacterial harmful algal bloom frequency in recreational waters and drinking water sources},
  publisher={Elsevier},
  journal={Ecological Indicators},
  year={2017},
  volume={80},
  pages={84--95},
  doi={10.1016/j.ecolind.2017.04.046}
}

@article{droneBeGone,
  author={Khan, M and Heurtefeux, K and Mohamed, A and Harras, K A and Hassan, M M},
  title={Mobile Target Coverage and Tracking on
Drone-Be-Gone UAV Cyber-Physical Testbed},
  publisher={IEEE},
  journal={IEEE Systems Journal},
  year={2018},
  volume={12},
  number={4},
  pages={3485--3496},
  doi={10.1109/JSYST.2017.2777866}
}

@incollection{probabilisticSearch,
  title={Distributed Probabilistic Search and Tracking of Agile Mobile Ground Targets Using a Network of Unmanned Aerial Vehicles},
  edition={1},
  author={Sun, L and Baek, S and Pack, D},
  editor={Spagnol, P and Luigi Mazzeo, P and Distante, C},
  booktitle={Human Behavior Understanding in Networked Sensing: 
  Theory and Applications of Networks of Sensors},
  year={2014},
  publisher={Springer International Publishing},
  chapter={14},
  pages={301--319},
  address={Switzerland},
  doi={10.1007/978-3-319-10807-0_14}
}

@inproceedings{probibilisticUAVsearchMIT,
  title={Robust UAV Search for Environments with Imprecise Probability Maps},
  author={Bertuccelli, L F and How, J},
  booktitle={44th IEEE Conference on Decision and Control, and
  the European Control Conference},
  series={},
  volume={},
  year={2005},
  pages={5680--5685},
  publisher={IEEE},
  address={Seville, Spain},
  doi={10.1109/CDC.2005.1583068}
}


% ===========================================
% EXAMPLES:
% ===========================================

@article{vatistas1986reverse,
  title={Reverse Flow Radius in Vortex Chambers},
  author={Vatistas, G H and Lin, S and Kwok, C K},
  journal={AIAA Journal},
  volume={24},
  number={11},
  pages={1872, 1873},
  year={1986},
  publisher={American Institute of Aeronautics and Astronautics},
  doi = {10.2514/3.13046}
}

@article{dornheim1996planetary,
  title={Planetary Flight Surge Faces Budget Realities},
  author={Dornheim, Michael A},
  journal={Aviation Week \& Space Technology},
  volume={145},
  number={24},
  pages={44--46},
  year={1996}
}

@article{terster1997nasa,
  title={NASA Considers Switch to Delta 2},
  author={Terster, W},
  journal={Space News},
  volume={8},
  number={2},
  pages={13--19},
  year={1997}
}

@inbook{peyret2012computational,
  title={Computational Methods for Fluid Flow},
  edition={2},
  author={Peyret, Roger and Taylor, Thomas D},
  year={1983},
  publisher={Springer-Verlag},
  address={New York},
  chapter={7, 14}
}

@inbook{oates1997aerothermodynamics,
  title={Aerothermodynamics of Gas Turbine and Rocket Propulsion},
  series={AIAA Education Series},
  editor={Oates, Gordon C},
  year={1984},
  publisher={AIAA},
  address={New York},
  pages={19, 136},
}

@incollection{volpe1994techniques,
  title={Techniques for Collision Prevention, Impact Stability, and Force Control by Space Manipulators},
  author={Volpe, Richard},
  booktitle={Teleoperation and Robotics in Space},
  series={Progress in Astronautics and Aeronautics},
  editor={S. B. Skaar and C. F. Ruoff},
  pages={175--212},
  year={1994},
  publisher={AIAA},
  address={Washington, DC}
}

@inproceedings{thompsonspacecraft,
  title={Spacecraft Thermal Control, Design, and Operation},
  author={Thompson, C M},
  booktitle={AIAA Guidance, Navigation, and Control Conference},
  series={CP849},
  volume={1},
  year={1989},
  pages={103--115},
  publisher={AIAA},
  address={Washington, DC}
}

@proceedings{chi1993fluid,
  title={Fluid Mechanics Proceedings},
  editor={Chi, Y},
  series={NASA SP-255},
  year={1993}
}
